{
    "symbol": "IBM",
    "annualReports": [
        {
            "fiscalDateEnding": "2019-12-31",
            "reportedCurrency": "USD",
            "totalRevenue": "77147000000",
            "totalOperatingExpense": "25945000000",
            "costOfRevenue": "40659000000",
            "grossProfit": "36488000000",
            "ebit": "11511000000",
            "netIncome": "9431000000",
            "researchAndDevelopment": "5989000000",
            "effectOfAccountingCharges": "None",
            "incomeBeforeTax": "10166000000",
            "minorityInterest": "144000000",
            "sellingGeneralAdministrative": "19956000000",
            "otherNonOperatingIncome": "968000000",
            "operatingIncome": "10543000000",
            "otherOperatingExpense": "-614000000",
            "interestExpense": "1344000000",
            "taxProvision": "731000000",
            "interestIncome": "349000000",
            "netInterestIncome": "-995000000",
            "extraordinaryItems": "-150000000",
            "nonRecurring": "None",
            "otherItems": "None",
            "incomeTaxExpense": "731000000",
            "totalOtherIncomeExpense": "529000000",
            "discontinuedOperations": "-4000000",
            "netIncomeFromContinuingOperations": "9435000000",
            "netIncomeApplicableToCommonShares": "9431000000",
            "preferredStockAndOtherAdjustments": "None"
        },
        {
            "fiscalDateEnding": "2017-06-30",
            "reportedCurrency": "USD",
            "totalRevenue": "19289000000",
            "totalOperatingExpense": "6279000000",
            "costOfRevenue": "10495000000",
            "grossProfit": "8794000000",
            "ebit": "2591000000",
            "netIncome": "2331000000",
            "researchAndDevelopment": "1484000000",
            "effectOfAccountingCharges": "0",
            "incomeBeforeTax": "2443000000",
            "minorityInterest": "-359000000",
            "sellingGeneralAdministrative": "4795000000",
            "otherNonOperatingIncome": "76000000",
            "operatingIncome": "2515000000",
            "otherOperatingExpense": "1411000000",
            "interestExpense": "147000000",
            "taxProvision": "None",
            "interestIncome": "None",
            "netInterestIncome": "None",
            "extraordinaryItems": "0",
            "nonRecurring": "0",
            "otherItems": "0",
            "incomeTaxExpense": "111000000",
            "totalOtherIncomeExpense": "0",
            "discontinuedOperations": "11000000",
            "netIncomeFromContinuingOperations": "2332000000",
            "netIncomeApplicableToCommonShares": "2331000000",
            "preferredStockAndOtherAdjustments": "None"
        },
        {
            "fiscalDateEnding": "2017-03-31",
            "reportedCurrency": "USD",
            "totalRevenue": "18155000000",
            "totalOperatingExpense": "6240000000",
            "costOfRevenue": "10383000000",
            "grossProfit": "7772000000",
            "ebit": "1560000000",
            "netIncome": "1750000000",
            "researchAndDevelopment": "1533000000",
            "effectOfAccountingCharges": "0",
            "incomeBeforeTax": "1424000000",
            "minorityInterest": "121000000",
            "sellingGeneralAdministrative": "4707000000",
            "otherNonOperatingIncome": "28000000",
            "operatingIncome": "1532000000",
            "otherOperatingExpense": "-444000000",
            "interestExpense": "135000000",
            "taxProvision": "None",
            "interestIncome": "None",
            "netInterestIncome": "None",
            "extraordinaryItems": "0",
            "nonRecurring": "0",
            "otherItems": "0",
            "incomeTaxExpense": "-329000000",
            "totalOtherIncomeExpense": "0",
            "discontinuedOperations": "-3000000",
            "netIncomeFromContinuingOperations": "1753000000",
            "netIncomeApplicableToCommonShares": "1750000000",
            "preferredStockAndOtherAdjustments": "None"
        },
        {
            "fiscalDateEnding": "2016-12-31",
            "reportedCurrency": "USD",
            "totalRevenue": "21771000000",
            "totalOperatingExpense": "5886000000",
            "costOfRevenue": "10877000000",
            "grossProfit": "10893000000",
            "ebit": "5144000000",
            "netIncome": "4501000000",
            "researchAndDevelopment": "1431000000",
            "effectOfAccountingCharges": "0",
            "incomeBeforeTax": "4984000000",
            "minorityInterest": "465000000",
            "sellingGeneralAdministrative": "4455000000",
            "otherNonOperatingIncome": "137000000",
            "operatingIncome": "5007000000",
            "otherOperatingExpense": "-1604000000",
            "interestExpense": "158000000",
            "taxProvision": "None",
            "interestIncome": "None",
            "netInterestIncome": "None",
            "extraordinaryItems": "0",
            "nonRecurring": "0",
            "otherItems": "0",
            "incomeTaxExpense": "479000000",
            "totalOtherIncomeExpense": "-1840000000",
            "discontinuedOperations": "-5000000",
            "netIncomeFromContinuingOperations": "4506000000",
            "netIncomeApplicableToCommonShares": "4501000000",
            "preferredStockAndOtherAdjustments": "None"
        },
        {
            "fiscalDateEnding": "2016-09-30",
            "reportedCurrency": "USD",
            "totalRevenue": "19226000000",
            "totalOperatingExpense": "5601000000",
            "costOfRevenue": "10213000000",
            "grossProfit": "9013000000",
            "ebit": "3420000000",
            "netIncome": "2853000000",
            "researchAndDevelopment": "1397000000",
            "effectOfAccountingCharges": "0",
            "incomeBeforeTax": "3263000000",
            "minorityInterest": "-475000000",
            "sellingGeneralAdministrative": "4204000000",
            "otherNonOperatingIncome": "8000000",
            "operatingIncome": "3412000000",
            "otherOperatingExpense": "0",
            "interestExpense": "158000000",
            "taxProvision": "None",
            "interestIncome": "None",
            "netInterestIncome": "None",
            "extraordinaryItems": "0",
            "nonRecurring": "0",
            "otherItems": "0",
            "incomeTaxExpense": "409000000",
            "totalOtherIncomeExpense": "0",
            "discontinuedOperations": "-1000000",
            "netIncomeFromContinuingOperations": "2854000000",
            "netIncomeApplicableToCommonShares": "2853000000",
            "preferredStockAndOtherAdjustments": "None"
        },
        {
            "fiscalDateEnding": "2016-06-30",
            "reportedCurrency": "USD",
            "totalRevenue": "20238000000",
            "totalOperatingExpense": "6449000000",
            "costOfRevenue": "10536000000",
            "grossProfit": "9702000000",
            "ebit": "3216000000",
            "netIncome": "2505000000",
            "researchAndDevelopment": "1465000000",
            "effectOfAccountingCharges": "0",
            "incomeBeforeTax": "3049000000",
            "minorityInterest": "156000000",
            "sellingGeneralAdministrative": "4984000000",
            "otherNonOperatingIncome": "-37000000",
            "operatingIncome": "3253000000",
            "otherOperatingExpense": "0",
            "interestExpense": "167000000",
            "taxProvision": "None",
            "interestIncome": "None",
            "netInterestIncome": "None",
            "extraordinaryItems": "0",
            "nonRecurring": "0",
            "otherItems": "0",
            "incomeTaxExpense": "544000000",
            "totalOtherIncomeExpense": "0",
            "discontinuedOperations": "-1000000",
            "netIncomeFromContinuingOperations": "2505000000",
            "netIncomeApplicableToCommonShares": "2505000000",
            "preferredStockAndOtherAdjustments": "None"
        },
        {
            "fiscalDateEnding": "2016-03-31",
            "reportedCurrency": "USD",
            "totalRevenue": "18684000000",
            "totalOperatingExpense": "7253000000",
            "costOfRevenue": "9999000000",
            "grossProfit": "8686000000",
            "ebit": "1180000000",
            "netIncome": "2013000000",
            "researchAndDevelopment": "1458000000",
            "effectOfAccountingCharges": "0",
            "incomeBeforeTax": "1034000000",
            "minorityInterest": "0",
            "sellingGeneralAdministrative": "5795000000",
            "otherNonOperatingIncome": "-253000000",
            "operatingIncome": "1433000000",
            "otherOperatingExpense": "0",
            "interestExpense": "147000000",
            "taxProvision": "None",
            "interestIncome": "None",
            "netInterestIncome": "None",
            "extraordinaryItems": "0",
            "nonRecurring": "0",
            "otherItems": "0",
            "incomeTaxExpense": "-983000000",
            "totalOtherIncomeExpense": "0",
            "discontinuedOperations": "-3000000",
            "netIncomeFromContinuingOperations": "2016000000",
            "netIncomeApplicableToCommonShares": "2013000000",
            "preferredStockAndOtherAdjustments": "None"
        },
        {
            "fiscalDateEnding": "2015-12-31",
            "reportedCurrency": "USD",
            "totalRevenue": "22058000000",
            "totalOperatingExpense": "6327000000",
            "costOfRevenue": "10652000000",
            "grossProfit": "11406000000",
            "ebit": "5226000000",
            "netIncome": "4464000000",
            "researchAndDevelopment": "1362000000",
            "effectOfAccountingCharges": "0",
            "incomeBeforeTax": "5099000000",
            "minorityInterest": "162000000",
            "sellingGeneralAdministrative": "4965000000",
            "otherNonOperatingIncome": "147000000",
            "operatingIncome": "5079000000",
            "otherOperatingExpense": "-669000000",
            "interestExpense": "128000000",
            "taxProvision": "None",
            "interestIncome": "None",
            "netInterestIncome": "None",
            "extraordinaryItems": "0",
            "nonRecurring": "0",
            "otherItems": "0",
            "incomeTaxExpense": "639000000",
            "totalOtherIncomeExpense": "-572000000",
            "discontinuedOperations": "3000000",
            "netIncomeFromContinuingOperations": "4461000000",
            "netIncomeApplicableToCommonShares": "4464000000",
            "preferredStockAndOtherAdjustments": "None"
        },
        {
            "fiscalDateEnding": "2015-09-30",
            "reportedCurrency": "USD",
            "totalRevenue": "19280000000",
            "totalOperatingExpense": "5830000000",
            "costOfRevenue": "9844000000",
            "grossProfit": "9436000000",
            "ebit": "3739000000",
            "netIncome": "2950000000",
            "researchAndDevelopment": "1287000000",
            "effectOfAccountingCharges": "0",
            "incomeBeforeTax": "3621000000",
            "minorityInterest": "0",
            "sellingGeneralAdministrative": "4543000000",
            "otherNonOperatingIncome": "133000000",
            "operatingIncome": "3606000000",
            "otherOperatingExpense": "0",
            "interestExpense": "117000000",
            "taxProvision": "None",
            "interestIncome": "None",
            "netInterestIncome": "None",
            "extraordinaryItems": "0",
            "nonRecurring": "0",
            "otherItems": "0",
            "incomeTaxExpense": "659000000",
            "totalOtherIncomeExpense": "0",
            "discontinuedOperations": "-12000000",
            "netIncomeFromContinuingOperations": "2962000000",
            "netIncomeApplicableToCommonShares": "2950000000",
            "preferredStockAndOtherAdjustments": "None"
        }
    ]
}